@misc{fmw:nag,
  author = {{Numerical Algorithms Group}},
  title = {{Fortran Modernisation Workshop}},
  howpublished = "\url{http://www.nag.co.uk/content/fortran-modernization-workshop}"
}
