@misc{fmw:nag,
  author = {{Wadud Miah, Numerical Algorithms Group}},
  title = {{Fortran Modernisation Workshop}},
  howpublished = "\url{http://www.nag.co.uk/content/fortran-modernization-workshop}",
  year = {2016}
}
